@misc{WikiEntropy,
	author = {{Colaboradores de los proyectos Wikimedia}},
	title = {{Entrop{\ifmmode\acute{\imath}\else\'{\i}\fi}a - Wikipedia, la enciclopedia libre}},
	year = {2021},
	month = {Jul},
	note = {[Online; accessed 2. Aug. 2021]},
	url = {https://es.wikipedia.org/w/index.php?title=Entrop%C3%ADa&oldid=137311904}
}

@misc{HandWiki-EntropicForce,
	title = {{Physics:Entropic force - HandWiki}},
	year = {2021},
	month = {Jul},
	note = {[Online; accessed 2. Aug. 2021]},
	url = {https://handwiki.org/wiki/Physics:Entropic_force}
}

@misc{Wiki-EntropicForce,
	author = {{Contributors to Wikimedia projects}},
	title = {{Entropic force - Wikipedia}},
	year = {2021},
	month = {Aug},
	note = {[Online; accessed 2. Aug. 2021]},
	url = {https://en.wikipedia.org/w/index.php?title=Entropic_force&oldid=1036693100}
}

@misc{Wiki-Brownian,
	author = {{Contributors to Wikimedia projects}},
	title = {{Brownian motion - Wikipedia}},
	year = {2021},
	month = {Aug},
	note = {[Online; accessed 2. Aug. 2021]},
	url = {https://en.wikipedia.org/w/index.php?title=Brownian_motion&oldid=1036556573}
}

@article{PhysRevLett,
  title = {Causal Entropic Forces},
  author = {Wissner-Gross, A. D. and Freer, C. E.},
  journal = {Phys. Rev. Lett.},
  volume = {110},
  issue = {16},
  pages = {168702},
  numpages = {5},
  year = {2013},
  month = {Apr},
  publisher = {American Physical Society},
  doi = {10.1103/PhysRevLett.110.168702},
  url = {https://link.aps.org/doi/10.1103/PhysRevLett.110.168702}
}
