@misc{NatElementsOfStyle,
	title = {{Elements of style - Nature Physics}},
	journal = {Nat. Phys.},
	volume = {3},
	number = {9},
	pages = {581},
	year = {2007},
	month = {Sep},
	issn = {1745-2481},
	publisher = {Nature Publishing Group},
	note = {[Online; accessed 16. Jul. 2021]},
	doi = {10.1038/nphys724}
}