@misc{Guide,
	title = {{How to Write a Physics Essay: Tips from Experts {$\vert$} Howtowrite.CustomWritings.com}},
	year = {2021},
	month = {Jul},
	note = {[Online; accessed 16. Jul. 2021]},
	url = {https://howtowrite.customwritings.com/post/physics-essay-guide}
}